<?xml version="1.0" encoding="UTF-8"?><collection xmlns="http://www.loc.gov/MARC21/slim"><record><leader>00520nam--2200133-i-4500</leader><controlfield tag="001">000032070</controlfield><controlfield tag="002">20161230</controlfield><controlfield tag="005">20161230201039</controlfield><controlfield tag="008">060222s1000------------r-----000-0-eng-d</controlfield><datafield ind1=" " ind2=" " tag="080"><subfield code="a">621.039.8:620.179.15:614.876</subfield></datafield><datafield ind1=" " ind2=" " tag="245"><subfield code="a">Messverfahren unter anwendung ionisierender strahlung.hrsg.von werner hartmann.unter mitarbeit eines autorenkollektivs.mit 750 bildern und 147 tabellen</subfield></datafield><datafield ind1=" " ind2=" " tag="260"><subfield code="a">Leipzig, Akad.Verlags,. Gest &amp; Portig K-g., 1969. 1143p</subfield></datafield><datafield ind1=" " ind2=" " tag="490"><subfield code="a">Hanbuch Der Messtechnik In Der Beriebskontrolle</subfield></datafield><datafield ind1=" " ind2=" " tag="852"><subfield code="a">41929</subfield></datafield></record></collection>